<?xml version="1.0" encoding="UTF-8"?><collection xmlns="http://www.loc.gov/MARC21/slim"><record><leader>00492nam--2200169-i-4500</leader><controlfield tag="001">000027604</controlfield><controlfield tag="002">20161230</controlfield><controlfield tag="005">20170304153354</controlfield><controlfield tag="008">060222s1000------------r-----000-0-eng-d</controlfield><datafield ind1=" " ind2=" " tag="100"><subfield code="a">Krauss, H. L</subfield></datafield><datafield ind1=" " ind2=" " tag="245"><subfield code="a">Theory and apllications of active devices</subfield></datafield><datafield ind1=" " ind2=" " tag="260"><subfield code="a">Princeton, N.J</subfield><subfield code="b">D.Van Nostrand Co., Inc</subfield><subfield code="c">1966</subfield></datafield><datafield ind1=" " ind2=" " tag="300"><subfield code="a">XII + 739 p</subfield></datafield><datafield ind1=" " ind2=" " tag="490"><subfield code="a">The Van Nostrand Series In Electronics And Communications</subfield></datafield><datafield ind1=" " ind2=" " tag="700"><subfield code="a">Skalnik, John G</subfield></datafield><datafield ind1=" " ind2=" " tag="852"><subfield code="a">24825</subfield></datafield><datafield ind1=" " ind2=" " tag="CAT"><subfield code="a">SYS</subfield><subfield code="c">20170304</subfield><subfield code="h">153354</subfield></datafield></record></collection>